
@book{smil_energy_2010,
	title = {Energy transitions},
	isbn = {978-0-313-38177-5},
	publisher = {Greenwood publishing group},
	author = {Smil, Vaclav},
	year = {2010},
}

@misc{harvard_university_national_2021,
	title = {National {Energy} {Accounts}},
	url = {https://histecon.fas.harvard.edu/energyhistory/energydata.html},
	journal = {Energy History, Center for History and Economics},
	author = {{Harvard University}},
	year = {2021},
}

@techreport{noauthor_annual_2009,
	title = {Annual energy review},
	url = {https://www.eia.gov/totalenergy/data/annual/},
	institution = {U.S Energy Information Administration},
	year = {2009},
}

@techreport{noauthor_net_2021,
	title = {Net {Zero} {By} 2050, {A} roadmap for the energy sector},
	url = {https://www.iea.org/reports/net-zero-by-2050},
	institution = {International Enegry Agency},
	month = may,
	year = {2021},
}

@techreport{noauthor_statistical_nodate,
	title = {Statistical {Review} of {World} {Energy}},
	url = {https://www.bp.com/en/global/corporate/energy-economics/statistical-review-of-world-energy.html},
	number = {69},
	institution = {BP Statistical Review},
}

@techreport{bolt_maddison_2020,
	title = {Maddison style estimates of the evolution of the world economy},
	url = {https://www.rug.nl/ggdc/historicaldevelopment/maddison/original-maddison},
	institution = {The Maddison Project},
	author = {Bolt, Juta and Luiten van Zanden, Jan},
	year = {2020},
}

@article{wang_s-curve_2014,
	series = {Natural {Ressources} {Research}},
	title = {S-curve {Model} of {Relationship} {Between} {Energy} {Consumption} and {Economic} {Development}},
	volume = {24},
	doi = {10.1007/s11053-014-9234-z},
	number = {1},
	author = {Wang, Anjian and Wang, Gaoshang},
	year = {2014},
}

@article{watari_sustainable_2021,
	title = {Sustainable energy transitions require enhanced resource governance},
	url = {https://www.sciencedirect.com/science/article/pii/S0959652621019168},
	journal = {Journal of Cleaner Production},
	author = {Watari, Takuma and Nansai, Keisuke},
	year = {2021},
}

@article{bleischwitz_extrapolation_2018,
	title = {Extrapolation or saturation – {Revisiting} growth patterns, development stages and decoupling},
	journal = {Global Environmental Change},
	author = {Bleischwitz, Raimund and Nechifor, Victor},
	year = {2018},
}

@book{vidal_matieres_2018,
	edition = {ISTE Group},
	series = {Energie},
	title = {Matières premières et énergie},
	isbn = {978-1-78405-403-8},
	author = {Vidal, Olivier},
	year = {2018},
}

@techreport{rogish_global_2018,
	title = {The {Global} {Flows} of {Metals} and {Minerals}},
	institution = {USGS},
	author = {Rogish, Donald G and Grecia R, Matos},
	year = {2018},
}

@techreport{noauthor_international_2013,
	title = {International {Energy} {Outlook}},
	institution = {International Enegry Agency},
	year = {2013},
}

@techreport{noauthor_history_2020,
	title = {History database of the {Global} {Environment}},
	shorttitle = {Hyde},
	institution = {PBL Netherlands Environmental Assessment Agency},
	year = {2020},
}

@techreport{noauthor_2019_2019,
	title = {2019 {Revision} of {World} {Population} {Prospects}},
	institution = {United Nations, Department of Economic and Social Affairs Population Dynamics},
	year = {2019},
}

@techreport{noauthor_oecd_2021,
	title = {{OECD} {Economic} {Outlook}, {Long}-term {GDP} forecasts},
	institution = {OECD},
	year = {2021},
}
